@Misc{hid-sp18-417-kubernetes,
  author        = {{wikipedia}},
  title         = {kubernetes intro},
  year          = {2018},
  url           = {https://en.wikipedia.org/wiki/Kubernetes}
}
