% This file was created with JabRef 2.10.
% Encoding: UTF-8

@Misc{hid-sp18-417-www-cloudstack-apache,
  Title                    = {CloudStack Intro},
  Author                   = {},
  HowPublished             = {Web Page},
  Note                     = {Accessed: 2018-03-18},
  Owner                    = {rashray},
  Timestamp                = {2018.03.18},
  Url                      = {https://cloudstack.apache.org/about.html}
}

@Misc{hid-sp18-417-www-cloudstack-intro,
  Title                    = {CloudStack Intro},
  Author                   = {},
  HowPublished             = {Web Page},
  Note                     = {Accessed: 2018-03-18},
  Owner                    = {rashray},
  Timestamp                = {2018.03.18},
  Url                      = {https://cloudstack.apache.org/about.html}
}
